@misc{brito:14,
  author = 	 {A. V. Brito},
  title = 	 {Introdução a arquitetura de computadores},
  year = 	 {2014},
  howpublished = {\url{http://producao.virtual.ufpb.br/books/edusantana/introducao-a-arquitetura-de-computadores-livro/livro/livro.pdf}},
  note = {Acesso em: 18 abr. 2019.}
}

@Book{patterson:14,
  author = 	 {Patterson and Hennessy},
  title = 	 {Interface hardware/software},
  booktitle = 	 {Organização e projeto de computadores},
  publisher =    {Elsevier Editora Ltda.},
  year = 	 {2014},
  editor = 	 {Thomson Digital},
  edition = {4th edition}
}

@misc{sniper:2019,
    author = 	 {snipersim.org},
    title   ={The Sniper Multi-Core Simulator},
    howpublished = {\url{http://snipersim.org/w/The_Sniper_Multi-Core_Simulator}},
    note = {Acesso em: 18 abr. 2019.}
}

@article{pizzol:05,
 author  ={Guilherme Dal Pizzol},
 title   ={Previsão de Desvios em Arquitetura Multitarefas Simultâneas},
 address ={Porto Alegre},
 pages   ={21-22},
 url     ={https://www.lume.ufrgs.br/bitstream/handle/10183/7428/000499828.pdf?sequence=1},
 urlaccessdate={18 abr. 2019},
 year    ={2005}
}
